@Article{BennettGoodman2015a,
  author =	 {E. Bennett and N. Goodman},
  title =	 {Extremely costly intensifiers are stronger than quite costly ones},
  journal =	 {Cognition},
  year =	 2018,
  volume =	 {},
  pages =	 {}
}

@InCollection{Chomsky2002a,
  author =	 {Chomsky, N.},
  title =	 {An interview on minimilism},
  booktitle =	 {N Chomsky, On Nature and Language},
  publisher =	 {},
  year =	 2002,
  editor =	 {},
  address =	 {}
}

@Book{CoverThomas2006a,
  author =	 {Cover, T. & Thomas, J.},
  title =	 {Elements of information theory},
  publisher =	 {John Wiley and sons},
  year =	 2006,
  address =	 {}
}

@Article{FerreriCancho2018a,
  author =	 {Ferrer-i-Cancho, R.},
  title =	 {Optimization models of natural communication},
  journal =	 {Journal of Quantitative Linguistics},
  year =	 2018,
  volume =	 {25 (3)},
  pages =	 {207--237}
}

@Article{FrankGoodman2012a,
  author =	  {M. Frank and N. Goodman},
  title =	 {Predicting pragmatic reasoning in language games},
  journal =	 {Science},
  year =	 2012,
  volume =	 336,
  pages =	 {998}
}

@InProceedings{GenzelCharniak2002a,
  author =	 {D. Genzel and E. Charniak},
  title =	 {Entropy rate constancy in text},
  booktitle =	 {Proceedings of the 40th annual meeting on association for computational linguistics},
  pages =	 {},
  year =	 2002,
  address =	 {},
  publisher =	 {}
}

@Article{GoodmanFrank2016a,
  author =	 {N. Goodman and  M. Frank},
  title =	 {Pragmatic language interpreation as probabilistic inference},
  journal =	 {Trends in Cognitive Sciences},
  year =	 2016,
  volume =	 {20(11)},
  pages =	 {818-829}
}

@Article{Grice1975a,
  author =	 {Grice, P. H.},
  title =	 {Logic and Conversation},
  journal =	 {},
  year =	 1975,
  volume =	{},
  pages =	 {}
}

@InProceedings{Hale2001a,
  author =	 {J. Hale},
  title =	 {A probabilistic Earley parser as a psycholinguistic model},
  booktitle =	 {Proceedings of the NAACL},
  pages =	 {},
  year =	 2001,
  address =	 {159-166},
  publisher =	 {}
}

@InProceedings{HawkinsFrankeSmithGoodman2018a,
  author =	 {R. Hawkins and M. Franke and K. Smith and N. Goodman},
  title =	 {Emerging abstractions: Lexical conventions are shaped by communicative context},
  booktitle =	 {Proceedings of the 40th Annual Conference of the Cognitive Science Society},
  pages =	 {},
  year =	 2018,
  address =	 {},
  publisher =	 {}
}

@InCollection{Horn1984a,
  author =	 {Horn, L.},
  title =	 {Toward a New Taxonomy for Pragmatic Inference: Q-Based and R-Based Implicature},
  booktitle =	 {Meaning, Form, and Use in Context: Linguistic Applications},
  publisher =	 {Georgetown U. Press},
  year =	 1984,
  editor =	 {D. Schiffrin},
  address =	 {Washington}
}

@Article{KempRegier2012a,
  author =	  {C. Kemp and T. Regier},
  title =	 {Kinship categories across languages reflect general communicative principles},
  journal =	 {Science},
  year =	 2012,
  volume =	 336,
  pages =	 {1049-1054}
}

@Article{KirbyGriffithsSmith2014a,
  author =	 {S. Kirby and T. Griffiths and K. Smith},
  title =	 {Iterated learnign and the evoluation of language},
  journal =	 {Current Opinion in Neurobiology},
  year =	 2014,
  volume =	 {28},
  pages =	 {108-114}
}

@Article{Levy2008a,
  author =	 {R. Levy},
  title =	 {Expectation-Based Syntactic Comprehension},
  journal =	 {Cognition},
  year =	 2008,
  volume =	{106(3)},
  pages =	 {1126-1177}
}

@InProceedings{LevyJaeger2007a,
  author =	 {R. Levy and T. Jaeger},
  title =	 {Speakers optimize information density through syntactic reduction.},
  booktitle =	 {Proceedings of the twentieth annual conference on neural information processing systems},
  pages =	 {},
  year =	 2007,
  address =	 {},
  publisher =	 {}
}

@Article{Piantadosi2011a,
  author =	 {S. Piantadosi and H. Tily and E. Gibson},
  title =	 {The communicative function of ambiguity in language},
  journal =	 {Cognition},
  year =	 2011,
  volume =	 {122},
  pages =	 {280--291}
}

@InCollection{RegierKempKay2015a,
  author =	 {T. Regier and C. Kemp and P. Kay},
  title =	 {Word meanings across languages support efficient communication.},
  booktitle =	 {The ahndbook of language emergence (pp. 237-263)},
  publisher =	 {Wiley-Blackwell},
  year =	 2015,
  editor =	 {B. MacWhinney & W. O'Grady},
  address =	 {Hoboken, NJ}
}

@InProceedings{SmithTamarizKirby2013a,
  author =	 {K. Smith and M. Tamariz and S. Kirby},
  title =	 {Linguistic structure is an evolutionary trade-off between simplicity and expressivity},
  booktitle =	 {Proceedings of the 36th Annual Conference of the Cognitive Science Society},
  pages =	 {},
  year =	 2013,
  address =	 {},
  publisher =	 {}
}

@Article{SmithKirbyBrighton2003a,
  author =	 {S. Kirby and T. Griffiths and K. Smith},
  title =	 {Iterated Learning: A Framework for the Emergence of Language},
  journal =	 {Artificial Life},
  year =	 2003,
  volume =	 {9},
  pages =	 {587--607}
}

@InCollection{WasowPerforsBeaver2005a,
  author =	 {T. Wasow and A. Perfors and D. Beaver},
  title =	 {The puzzle of ambiguity.},
  booktitle =	 {Morphology and The Web of Grammar: Essays in Memory of Steven G Lapointe},
  publisher =	 {McGraw-Hill},
  year =	 2005,
  editor =	 {CSLI},
  address =	 {Stanford, CA}
}

@Book{Zipf1949a,
  author =	 {G. Zipf},
  title =	 {Human behavior and the principle of least effort},
  publisher =	 {Prentice-Hall},
  year =	 1949,
  address =	 {New York, NY}
}


@InProceedings{ChalnickBillman1988a,
  author =	 {A. Chalnick and D. Billman},
  title =	 {Unsupervised learning of correlational structure},
  booktitle =	 {Proceedings of the Tenth Annual Conference of the
                  Cognitive Science Society},
  pages =	 {510--516},
  year =	 1988,
  address =	 {Hillsdale, NJ},
  publisher =	 {Lawrence Erlbaum Associates}
}

@InCollection{Feigenbaum1963a,
  author =	 {E. A. Feigenbaum},
  title =	 {The simulation of verbal learning behavior},
  booktitle =	 {Computers and thought},
  publisher =	 {McGraw-Hill},
  year =	 1963,
  editor =	 {E. A. Feigenbaum and J. Feldman},
  address =	 {New York}
}

@Article{Hill1983a,
  author =	 {J. A. C. Hill},
  title =	 {A computational model of language acquisition in the
                  two-year old},
  journal =	 {Cognition and Brain Theory},
  year =	 1983,
  volume =	 6,
  pages =	 {287--317}
}

@TechReport{OhlssonLangley1985a,
  author =	 {S. Ohlsson and P. Langley},
  title =	 {Identifying solution paths in cognitive diagnosis},
  institution =	 {Carnegie Mellon University, The Robotics Institute},
  year =	 1985,
  address =	 {Pittsburgh, PA},
  number =	 {CMU-RI-TR-85-2}
}

@PhdThesis{Lewis1978a,
  author =	 {C. Lewis},
  title =	 {Production system models of practice effects},
  school =	 {Department of Psychology, University of Michigan,
                  Ann Arbor},
  year =	 1978,
  type =	 {Doctoral dissertation}
}

@Book{NewellSimon1972a,
  author =	 {A. Newell and H. A. Simon},
  title =	 {Human problem solving},
  publisher =	 {Prentice-Hall},
  year =	 1972,
  address =	 {Englewood Cliffs, NJ}
}

@Book{ShragerLangley1990a,
  editor =	 {J. Shrager and P. Langley},
  title =	 {Computational models of scientific discovery and
                  theory formation},
  publisher =	 {Morgan Kaufmann},
  year =	 1990,
  address =	 {San Mateo, CA}
}

